@BOOK{Agarwal,
author = "R. P. Agarwal and D. O'Regan",
title = "Ordinary and Partial Differential Equations: With Special Functions, Fourier Series, and Boundary Value Problems",
edition = "",
year = "2009",
adress = "New York",
publisher = "Springer",
chapter = "",
pages = "",
volume = ""
}

@article{Andino,
  title="La función delta de Dirac",
  author="F. Andino, M. Recarte and M. Spilsbury",
  journal="Revista de la escuela de física",
  volume="2",
  number="1",
  pages="60--61",
  year="2014",
  publisher="UNAH",
  url = {https://pdfs.semanticscholar.org/648b/67463802aae055392666c8f305a2b23c5977.pdf}
}

@BOOK{Apostol1,
author = "T. M. Apostol",
title = "Análisis matemático",
edition = "2",
year = "1996",
adress = "España, Barcelona",
publisher = "Editorial Reverté",
chapter = "",
pages = "",
volume = ""
}

@BOOK{Apostol2,
author = "T. M. Apostol",
title = "Calculus",
edition = "2",
year = "1985",
adress = "España, Barcelona",
publisher = "Editorial Reverté",
chapter = "",
pages = "",
volume = "2"
}

@BOOK{Arfken,
author = "G. Arfken and H. Weber",
title = "Mathematical methods for physicists",
edition = "6",
year = "2005",
adress = "USA",
publisher = "Elsevier Academic Press",
chapter = "",
pages = "",
volume = ""
}

@article{Bôcher,
  title="On Gibb's Phenomenon",
  author="M. Bôcher",
  journal="Math",
  volume="1914",
  number="144",
  pages="41--47",
  year="1914",
  publisher="Cambridge",
  doi = "https://doi.org/10.1515/crll.1914.144.41"
}

@BOOK{Brown,
author = "J. W. Brown and R. V. Churchill",
title = "Fourier series and boundary value problems",
edition = "5",
year = "1993",
adress = "New York",
publisher = "McGraw-Hill",
chapter = "",
pages = "",
volume = ""
}

@BOOK{Butkov,
author = "E. Butkov",
title = "Mathematical Physics",
edition = "1",
year = "1968",
adress = "Massachusetts",
publisher = "Addison-Wesley",
chapter = "",
pages = "",
volume = ""
}

@BOOK{Coddington,
author = "E. A. Coddington",
title = "An Introduction to Ordinary Differential Equations",
edition = "5",
year = "1961",
adress = "New York",
publisher = "Dover Publications",
chapter = "",
pages = "",
volume = ""
}

@BOOK{Courant,
author = "R. Courant and D. Hilbert",
title = "Methods of mathematical physics",
edition = "1",
year = "1937",
adress = "New York",
publisher = "Interscience Publishers",
chapter = "",
pages = "",
volume = "1"
}

@BOOK{Hassani,
author = "S. Hassani",
title = "Mathematical physics: a modern introduction to its foundations",
edition = "",
year = "1999",
adress = "New York",
publisher = "Springer",
chapter = "",
pages = "",
volume = ""
}

@BOOK{Hochstadt,
author = "H. Hochstadt",
title = "The functions of mathematical physics",
edition = "",
year = "1986",
adress = "New York",
publisher = "Dover Publications",
chapter = "",
pages = "",
volume = ""
}

@BOOK{Hsu,
author = "H. P. Hsu",
title = "Análisis de Fourier",
edition = "",
year = "1987",
adress = "E. U. A",
publisher = "Addison-Wesley Iberoamericana",
chapter = "",
pages = "",
volume = ""
}

@BOOK{Lang,
author = "Serge Lang",
title = "Analyis I",
edition = "",
year = "1968",
adress = "New York",
publisher = "Addison-Wesley",
chapter = "10 y 13",
pages = "",
volume = ""
}

@BOOK{Marsden,
author = "J. E. Marsden and M. J. Hoffman",
title = "Análisis clásico elemental",
edition = "2",
year = "1998",
adress = "Argentina",
publisher = "Addison-Wesley Iberoamericana",
chapter = "",
pages = "",
volume = ""
}

@misc{Mauch,
  author        = "Sean Mauch",
  title         = "Introduction to Methods of Applied Mathematics or Advanced Mathematical Methods for Scientists and Engineers",
  month         = "",
  year          = "2004",
  organization  = "",
  url = "http://www.its.caltech.edu/~sean"
}

@misc{Chile,
  author        = "V. Muñoz and J. Rogan",
  title         = "Métodos de la física matemática II",
  month         = "",
  year          = {2009},
   organization =" Departamento de Física, Facultad de Ciencias, Universidad de Chile"
}

@BOOK{Rainville,
author = "E. D. Rainville",
title = "Special functions",
edition = "",
year = "1960",
adress = "New York",
publisher = "The Macmillan company",
chapter = "",
pages = "",
volume = ""
}

@BOOK{Riley,
author = "K. F. Riley, M.P. Hobson and S. J. Bence",
title = "Mathematical Methods for Physics and Engineering",
edition = "",
year = "2006",
adress = "New York",
publisher = "Cambridge University Press",
chapter = "",
pages = "",
volume = ""
}

@article{UFRO,
  title="Series de Fourier y fenómeno de Gibbs",
  author="R. Rodríguez del Río and E. Zuazua",
  journal="CUBO, A Mathematical Journal",
  volume="5",
  number="2",
  pages="185--224",
  year="2003",
  publisher="UFRO",
  url = {http://revistas.ufro.cl/ojs/index.php/cubo/article/view/1695}
}

@misc{Rubilar,
  author        = "G. F. Rubilar",
  title         = "Física matemática II",
  month         = "",
  year          = "2019",
  organization  = "Departamento de Física, Facultad de Ciencias Físicas y Matemáticas, Universidad de Concepción",
  url = "https://github.com/gfrubi/FM2"
}

@misc{Ruiz,
  author        = "J. Ruiz",
  title         = "Series de Fourier",
  month         = "",
  year          = "2012",
   organization = "Departamento de Matemática, Facultad de Ciencias Físicas y Matemáticas, Universidad de Concepción"
}

@BOOK{Tolstov,
author = "G. P. Tolstov",
title = "Fourier Series",
edition = "",
year = "1962",
adress = "New York",
publisher = "Dover Publications",
chapter = "",
pages = "",
volume = ""
}
